% inproceedings %

@inproceedings{weblab,
	title = {Experience with WebLab-Deusto},
	author = {García-Zubía, J. and López-de-Ipiña, D. and Orduña, Pablo and Hernández-Jayo, U.},
	booktitle = {Industrial Electronics, 2006 IEEE International Symposium on},
	year = {2006},
	month = jul,
	volume = {4},
	pages = {3190-3195},
	keywords = {distance learning;educational institutions;electrical engineering education;integrated circuits;teaching;Faculty of Engineering;University of Deusto;WebLab-Deusto;microelectronics teaching;quality service;software-hardware architecture;Communication system control;Computer architecture;Educational technology;Hardware;Java;Microelectronics;Programmable control;Sockets;Software architecture;TCPIP},
	doi = {10.1109/ISIE.2006.296127},
}

@inproceedings{remote_labs,
	title = {Development of remote laboratory experimentation through Internet},
	author = {Chen, SH and Chen, R and Ramakrishnan, V and Hu, SY and Zhuang, YKCC and Ko, CC and Chen, Ben M},
	booktitle = {Proceedings of the 1999 IEEE Hong Kong Symposium on Robotics and Control},
	volume = {2},
	pages = {756-760},
	year = {1999},
	location = {Hong Kong},
}

@inproceedings{golc1st,
	title = {Global online laboratory consortium},
	booktitle = {Frontiers in Education Conference (FIE)},
	year = {2011},
	month = oct,
	pages = {1-5},
	doi = {10.1109/FIE.2011.6143145},
	ISSN = {0190-5848},
}

@inproceedings{visir,
	title = {Using VISIR: Experiments, Subjects and Students},
	author = {Javier García-Zubía and Ingvar Gustavsson and Unai Hernández-Jayo and Pablo Orduña and Ignacio Angulo and Luis Rodríguez and Diego López-de-Ipiña},
	booktitle = {International Journal of Online Engineering (iJOE)},
	year = {2011},
	pages = {11-14},
	doi = {10.3991/ijoe.v7iS2.1769},
	ISSN = {1861-2121},
}

@inproceedings{hybrid_labs,
	title = {Hybrid Online Labs: Making Remote Laboratories Usable Under Unfavorable Bandwidth Conditions},
	author = {Kayode Peter Ayodele and Lawrence O. Kehinde and Olusola A. Komolafe},
	booktitle = {International Journal of Online Engineering (iJOE)},
	year = {2012},
	pages = {14-20},
	doi = {10.3991/ijoe.v8i4.2158},
	ISSN = {1861-2121},
}

@inproceedings{ilabs_multi,
	title = {Multifunction iLab implemented laboratory},
	author = {Ursutiu, D. and Samoila, C. and Cotfas, P. and Cotfas, D.T. and Pop, D.V. and Auer, M.E. and Zutin, D.G.},
	booktitle = {Global Engineering Education Conference (EDUCON), 2011 IEEE},
	year = {2011},
	month = apr,
	pages = {185-190},
	keywords = {Internet;computer aided instruction;groupware;laboratory techniques;virtual instrumentation;Agilent USB devices;FLIS measurement system;LabVIEW 2010 graphical programming;VEE-Pro;Web-controlled collaborative platform;flexible laboratory instrumentation system;flexible multifunction system;multifunction iLab;nanostructurated material;university research laboratories;Computer architecture;Current measurement;Instruments;Laboratories;Magnetic field measurement;Semiconductor device measurement;Universal Serial Bus;E-Learning;Online Laboratories;Remote;Virtual Instrumentation;iLab},
	doi = {10.1109/EDUCON.2011.5773135},
}

@inproceedings{xml_vs_json,
	author = {Maeda, K.},
	booktitle = {Digital Information and Communication Technology and it's Applications (DICTAP), 2012 Second International Conference on},
	title = {Performance evaluation of object serialization libraries in XML, JSON and binary formats},
	year = {2012},
	month = may,
	pages = {177-182},
	keywords = {Java;XML;software libraries;JSON;XML;binary formats;object serialization libraries;performance evaluation;qualitative aspects;quantitative aspects;time measurement;Computers;Java;Libraries;Protocols;Standards;XML;JSON;XML;object serialization;performance evaluation},
	doi = {10.1109/DICTAP.2012.6215346},
}

% articles %

@article{visual_programming,
	title = {Visual Programming and Program Visualization – Towards an Ideal Visual Software Engineering System –},
	author = {Bentrad, Sassi and Meslati, Djamel and others},
	journal={IJIT-ACEEE International Journal on Information Technology},
	volume = {1},
	number = {3},
	pages = {56--62},
	year = {2011},
}

@article{scratch,
	title = {Scratch: programming for all},
	author = {Resnick, Mitchel and Maloney, John and Monroy-Hern{\'a}ndez, Andr{\'e}s and Rusk, Natalie and Eastmond, Evelyn and Brennan, Karen and Millner, Amon and Rosenbaum, Eric and Silver, Jay and Silverman, Brian and others},
	journal={Communications of the ACM},
	volume = {52},
	number = {11},
	pages = {60--67},
	year = {2009},
	publisher = {ACM},
	doi = {10.1145/1592761.1592779},
}

% thesis %

@thesis{porduna_phd,

	author = {Pablo Orduña},
	title = {Transitive and Scalable Federation Model for Remote Laboratories},
	year = {2013},
	month = apr,
	urldate = {2015-06-18},
	url = {http://morelab.deusto.es/media/publications/theses/pablo-orduna.pdf},
	type = {phdthesis},
	institution = {Faculty of Engineering, University of Deusto},
}

% fdp %

@thesis{fdp_itu,
	author = {Iñigo Iturrate San Juan},
	title = {Design and Implementation of an Educational Mobile Robot Platform Integrated within the WebLab-Deusto Framework},
	year = {2013},
	month = may,
	type = {Final degree project},
	institution = {Faculty of Engineeering, University of Deusto},
}

% misc %

@misc{camera,
	title = {DCS-932L Datasheet},
	organization = {D-Link},
	number = {DCS-932L},
	version = {1.00},
	year = {2013},
	month = sep,
}

@misc{rasp_b,
	title = {Raspberry Pi Model B Datasheet},
	organization = {RS Components},
	number = "756-8308",
}

@misc{rfid,
	title = {ID-2LA, ID-12LA, ID-20LA Low Voltage Series},
	author = {ID-innovations},
	version = {1.0},
	year = {2013},
	month = sep,
}

% online %

@online{sqlite,
	title = {SQLite Home Page},
	urldate = {2015-06-11},
	url = {https://www.sqlite.org/},
}

@online{travis_ci,
	title = {Travis CI - Test and Deploy Your Code with Confidence},
	urldate = {2015-06-15},
	url = {https://travis-ci.org/},
}

@online{forotech,
	title = {Deusto ForoTech | Semana Deusto de la Ingeniería y la Tecnología: Ingeniando futuro},
	urldate = {2015-06-15},
	url = {http://forotech.deusto.es/},
}

@online{deustotech_web,
	title = {DeustoTech},
	urldate = {2015-06-15},
	url = {http://www.deustotech.deusto.es/},
}

@online{dtlearning_web,
	title = {DeustoTech Learning},
	urldate = {2015-06-15},
	url = {http://dtlearning.deusto.es/},
}


@online{weblab_web,
	title = {WebLab-Deusto - Front page},
	urldate = {2015-06-15},
	url = {http://weblab.deusto.es/website/},
}

@online{labpsico_web,
	title = {Labpsico},
	urldate = {2015-06-15},
	url = {http://www.labpsico.deusto.es/en/},
}

@online{icampus_web,
	title = {iCampus - The MIT-Microsoft Alliance},
	urldate = {2015-06-15},
	url = {http://icampus.mit.edu/},
}

@online{golab_web,
	title = {Learning by Experience | Go-Lab},
	urldate = {2015-06-15},
	url = {http://www.go-lab-project.eu/},
}

@online{sublime_web,
	title = {Sublime Text - Download},
	urldate = {2015-06-15},
	url = {http://www.sublimetext.com/3},
}

@online{pycharm_web,
	title = {Python \acrshort{ide} \& Django \acrshort{ide} for Web developers : JetBrains PyCharm},
	urldate = {2015-06-15},
	url = {https://www.jetbrains.com/pycharm/},
}

@online{eclipse_web,
	title = {Eclipse - The Eclipse Foundation open source community website.},
	urldate = {2015-06-15},
	url = {https://eclipse.org/},
}

@online{atom_web,
	title = {Atom: A hackable text editor for the 21st Century},
	urldate = {2015-06-15},
	url = {https://atom.io/},
}

@online{lime_web,
	title = {Lime Text Editor},
	urldate = {2015-06-15},
	url = {http://limetext.org/},
}

@online{ms_code_web,
	title = {Visual Studio Code - Code Editing. Redefined.},
	urldate = {2015-06-15},
	url = {https://code.visualstudio.com/},
}

@online{vim_web,
	title = {welcome home : vim online},
	urldate = {2015-06-15},
	url = {http://www.vim.org/},
}

@online{nano_web,
	title = {\acrshort{gnu} nano},
	urldate = {2015-06-15},
	url = {http://www.nano-editor.org/},
}

@online{emacs_web,
	title = {\acrshort{gnu} Emacs - \acrshort{gnu} Project - \acrlong{fsf} (\acrshort{fsf})},
	urldate = {2015-06-15},
	url = {http://www.gnu.org/software/emacs/},
}

@online{arduino_ide,
	title = {Arduino - Software},
	urldate = {2015-06-18},
	url = {http://www.arduino.cc/en/Main/Software},
}

@online{chrome_web,
	title = {Google Chrome},
	month=jun,
	year = {2015},
	url = {http://www.google.com/chrome/},
}

@online{firefox_web,
	title = {Download Firefox - Free Web Browser - Mozilla},
	urldate = {2015-06-16},
	url = {https://www.mozilla.org/en-US/firefox/new/},
}

@online{ubuntu_gnome_web,
	title = {Ubuntu \acrshort{gnome} | An official flavour of Ubuntu, featuring the \acrshort{gnome} desktop environment.},
	urldate = {2015-06-17},
	url = {http://ubuntugnome.org/},
}

@online{ubuntu_web,
	title = {Ubuntu \acrshort{gnome} | An official flavour of Ubuntu, featuring the \acrshort{gnome} desktop environment.},
	urldate = {2015-06-17},
	url = {http://www.ubuntu.com/},
}

@online{raspbian_web,
	title = {Raspbian},
	urldate = {2015-06-17},
	url = {https://www.raspbian.org/},
}

@online{debian_web,
	title = {Debian -- The Universal Operating System},
	urldate = {2015-06-17},
	url = {https://www.debian.org/},
}

@online{git_web,
	title = {Git --local-branching-on-the-cheap},
	urldate = {2015-06-17},
	url = {https://git-scm.com/},
}

@online{github_web,
	title = {GitHub - Build software better, together.},
	urldate = {2015-06-17},
	url = {https://github.com/},
}

@online{arduino_datasheet,
	title = {Arduino - ArduinoBoardUno},
	urldate = {2015-06-18},
	url = {http://www.arduino.cc/en/Main/ArduinoBoardUno},
}

@online{jquery_web,
	title = {jQuery - write less, do more.},
	urldate = {2015-06-18},
	url = {http://jquery.com/},
}

@online{jquery_versions,
	title = {Download jQuery},
	urldate = {2015-06-18},
	url = {http://jquery.com/download/},
}


@online{bootstrap_web,
	title = {Bootstrap - The world's most popular mobile-first and responsive front-end framework.},
	urldate = {2015-06-18},
	url = {http://getbootstrap.com/},
}

@online{python_web,
	title = {Welcome to Python.org},
	urldate = {2015-06-18},
	url = {https://www.python.org/},
}

@online{html5_spec,
	title = {\acrshort{html}5 - A vocabulary and associated \acrshort{api}s for \acrshort{html} and \acrshort{xhtml} - \acrshort{w3c} Recommendation},
	year = {2014},
	month = oct,
	urldate = {2015-06-18},
	url = {http://www.w3.org/TR/html5/},
}

@online{css3_sel,
	title = {Selectors Level 3 - \acrshort{w3c} Recommendation},
	year = {2011},
	month = sep,
	urldate = {2015-06-18},
	url = {http://www.w3.org/TR/css3-selectors/},
}
